@misc{arxiv,
    title={{arXiv.org}: A Scientific Publication Repository and Scholarly Communications Platform},
    author={Ginsparg, Paul},
    year={1991},
    url={https://arxiv.org/},
    note={Consulté le \today}
}

@article{reimers2019sentencebert,
    title={Sentence-BERT: Sentence Embeddings using Siamese BERT-Networks},
    author={Reimers, Nils and Gurevych, Iryna},
    journal={Proceedings of the 2019 Conference on Empirical Methods in Natural Language Processing},
    year={2019},
    url={https://arxiv.org/abs/1908.10084}
}

@inproceedings{johnson2019billion,
    title={Billion-scale similarity search with {GPUs}},
    author={Johnson, Jeff and Douze, Matthijs and J{\'e}gou, Herv{\'e}},
    booktitle={IEEE Transactions on Big Data},
    year={2019},
    publisher={IEEE}
}

@misc{streamlit,
    title={Streamlit: The fastest way to build and share data apps},
    author={{Streamlit Inc.}},
    year={2019},
    url={https://streamlit.io/},
    note={Framework de développement d'applications web interactives}
}

@misc{faiss,
    title={{FAISS}: A library for efficient similarity search and clustering of dense vectors},
    author={Johnson, Jeff and Douze, Matthijs and J{\'e}gou, Herv{\'e}},
    year={2017},
    url={https://github.com/facebookresearch/faiss},
    publisher={Facebook AI Research}
}

@article{devlin2018bert,
    title={{BERT}: Pre-training of Deep Bidirectional Transformers for Language Understanding},
    author={Devlin, Jacob and Chang, Ming-Wei and Lee, Kenton and Toutanova, Kristina},
    journal={arXiv preprint arXiv:1810.04805},
    year={2018}
}

@misc{pandas,
    title={pandas: Powerful data structures for data analysis, time series, and statistics},
    author={{The pandas development team}},
    year={2008},
    url={https://pandas.pydata.org/},
    note={Bibliothèque Python pour l'analyse de données}
}

@misc{numpy,
    title={{NumPy}: The fundamental package for scientific computing with Python},
    author={Harris, Charles R. and Millman, K. Jarrod and van der Walt, St{\'e}fan J.},
    year={2006},
    url={https://numpy.org/},
    note={Bibliothèque de calcul scientifique pour Python}
}

@misc{plotly,
    title={Plotly: Collaborative analytics and graphing},
    author={{Plotly Technologies Inc.}},
    year={2012},
    url={https://plotly.com/},
    note={Bibliothèque de visualisation interactive}
}

@misc{sqlite,
    title={{SQLite}: A self-contained, high-reliability, embedded, full-featured, public-domain, SQL database engine},
    author={Hipp, D. Richard},
    year={2000},
    url={https://www.sqlite.org/},
    note={Système de gestion de base de données relationnelle}
}

@article{kenton2019bert,
    title={{BERT}: Pre-training of Deep Bidirectional Transformers for Language Understanding},
    author={Kenton, Jacob Devlin Ming-Wei Chang and Toutanova, Kristina},
    journal={Proceedings of NAACL-HLT},
    year={2019}
}

@misc{huggingface,
    title={Transformers: State-of-the-art Natural Language Processing},
    author={{Hugging Face Inc.}},
    year={2019},
    url={https://huggingface.co/transformers/},
    note={Bibliothèque de modèles de traitement du langage naturel}
}

@article{wolf2019huggingface,
    title={HuggingFace's Transformers: State-of-the-art Natural Language Processing},
    author={Wolf, Thomas and Debut, Lysandre and Sanh, Victor and Chaumond, Julien and Delangue, Clement and Moi, Anthony and Cistac, Pierric and Rault, Tim and Louf, Rémi and Funtowicz, Morgan and others},
    journal={arXiv preprint arXiv:1910.03771},
    year={2019}
}

@misc{wordcloud,
    title={Word Cloud Generator in Python},
    author={Mueller, Andreas},
    year={2014},
    url={https://github.com/amueller/word_cloud},
    note={Bibliothèque pour la génération de nuages de mots}
}

@misc{nltk,
    title={{NLTK}: The Natural Language Toolkit},
    author={Bird, Steven and Klein, Ewan and Loper, Edward},
    year={2009},
    url={https://www.nltk.org/},
    note={Plateforme de traitement du langage naturel en Python}
}

@article{mikolov2013word2vec,
    title={Efficient Estimation of Word Representations in Vector Space},
    author={Mikolov, Tomas and Chen, Kai and Corrado, Greg and Dean, Jeffrey},
    journal={arXiv preprint arXiv:1301.3781},
    year={2013}
}

@article{pennington2014glove,
    title={Glove: Global vectors for word representation},
    author={Pennington, Jeffrey and Socher, Richard and Manning, Christopher D},
    booktitle={Proceedings of the 2014 conference on empirical methods in natural language processing (EMNLP)},
    pages={1532--1543},
    year={2014}
}

@article{vaswani2017attention,
    title={Attention is all you need},
    author={Vaswani, Ashish and Shazeer, Noam and Parmar, Niki and Uszkoreit, Jakob and Jones, Llion and Gomez, Aidan N and Kaiser, {\L}ukasz and Polosukhin, Illia},
    journal={Advances in neural information processing systems},
    volume={30},
    year={2017}
}

@article{rogers2020primer,
    title={A primer in BERTology: What we know about how BERT works},
    author={Rogers, Anna and Kovaleva, Olga and Rumshisky, Anna},
    journal={Transactions of the Association for Computational Linguistics},
    volume={8},
    pages={842--866},
    year={2020}
}

@misc{matplotlib,
    title={Matplotlib: A 2D graphics environment},
    author={Hunter, John D.},
    journal={Computing in Science \& Engineering},
    volume={9},
    number={3},
    pages={90--95},
    year={2007},
    publisher={IEEE Computer Society}
}

@article{scikit-learn,
    title={Scikit-learn: Machine Learning in {P}ython},
    author={Pedregosa, F. and Varoquaux, G. and Gramfort, A. and Michel, V.
            and Thirion, B. and Grisel, O. and Blondel, M. and Prettenhofer, P.
            and Weiss, R. and Dubourg, V. and Vanderplas, J. and Passos, A. and
            Cournapeau, D. and Brucher, M. and Perrot, M. and Duchesnay, E.},
    journal={Journal of Machine Learning Research},
    volume={12},
    pages={2825--2830},
    year={2011}
}

@misc{python,
    title={Python Programming Language},
    author={{Python Software Foundation}},
    year={1991},
    url={https://www.python.org/},
    note={Langage de programmation de haut niveau}
}

@article{lecun2015deep,
    title={Deep learning},
    author={LeCun, Yann and Bengio, Yoshua and Hinton, Geoffrey},
    journal={nature},
    volume={521},
    number={7553},
    pages={436--444},
    year={2015},
    publisher={Nature Publishing Group}
}